2984 5034
239 395 304 464 366
643 393 885 464 PRAEFATIO

240 555 300 617 hoo
312 554 392 628 eod,
401 574 489 634 quern
501 555 551 618 ed.
563 555 629 617 l’sr.
642 555 766 618 denotat
774 575 827 636 per
835 555 948 618 literam
957 575 981 628 s,
990 554 1090 635 plures
1101 552 1203 632 accepi
1217 551 1329 633 prohaa

240 646 397 708 lectiones.

279 759 302 820 p
324 745 354 801 6.
374 745 464 802 ³001.
483 741 560 802 Cod.
579 741 673 802 chart.
693 760 763 802 saec.
782 741 866 801 xvt.
889 741 939 821 qui
959 742 1036 802 inter
1056 747 1165 804 caetera
1184 735 1331 808 continet,

241 851 285 894 or.
299 832 388 893 Dem.
402 833 439 893 de
452 834 581 906 Corona,
594 831 633 894 de
647 833 724 894 mete
740 833 822 894 obita
835 834 989 913 legatione,
1002 834 1140 894 adsersus
1155 831 1330 910 Leptinema

242 923 336 986 trihus
344 925 390 985 his
397 923 598 1004 adjunguntur
609 924 676 986 dnae
688 925 876 1006 hypotheses.
899 927 985 987 Orat.
995 927 1105 988 hahent
1114 926 1151 986 ad
1166 923 1327 1002 marginem

243 1015 392 1076 hrealores
412 1017 527 1096 aliquot
547 1017 760 1091 annotationes,
773 1037 897 1096 quarum
915 1025 1018 1079 auctor
1041 1018 1110 1076 mihi
1132 1016 1250 1096 ignotus
1274 1024 1331 1074 est.

244 1109 334 1170 Hunc
343 1109 473 1172 codicem
485 1108 618 1189 designat
631 1111 679 1170 ed.
690 1109 758 1169 Par.
772 1129 826 1188 per
838 1109 952 1169 literam
966 1111 991 1179 ζ.

283 1211 347 1284 p'l.
361 1208 453 1266 9999.
473 1201 551 1263 Cod.
562 1201 665 1263 Chart.
679 1219 752 1262 saec.
768 1201 851 1263 xvt.
864 1221 925 1280 quo
941 1201 1016 1262 inter
1025 1212 1123 1261 cetera
1137 1197 1338 1269 continentur,

245 1296 346 1376 plures
359 1295 566 1356 Demosthenis
579 1313 624 1355 or.
637 1313 704 1354 cum
722 1293 934 1374 hypothesibus
952 1303 983 1354 et
997 1292 1120 1372 epistola
1134 1291 1281 1370 Philippi3
1304 1291 1335 1349 in

245 1388 394 1450 nonnullis
415 1388 505 1449 multa
525 1387 652 1457 desunt;
673 1386 741 1446 dne
763 1385 942 1465 hypotheses
961 1385 991 1444 in
1011 1403 1054 1443 or.
1076 1383 1176 1443 AEsch.
1196 1383 1337 1442 adsersus

245 1480 445 1555 Timarchum,
457 1479 594 1556 quaedam
608 1498 645 1538 ex
658 1497 701 1539 or.
716 1478 848 1557 ejusdem
862 1477 930 1538 adv.
944 1476 1080 1548 eundern,
1096 1495 1196 1536 sersus
1210 1475 1337 1548 initium,

245 1574 318 1654 hyp.
331 1574 363 1634 in
381 1593 424 1636 er.
442 1572 574 1649 ejusden
588 1570 626 1631 de
646 1571 719 1631 male
740 1567 824 1631 obita
843 1570 987 1650 legatione
1005 1576 1037 1629 et
1052 1568 1092 1628 de
1108 1569 1235 1628 Corona.
1277 1569 1334 1628 Sea

245 1668 347 1745 primae
361 1685 405 1725 or.
421 1665 531 1724 hahent
545 1663 584 1722 ad
599 1662 757 1744 marginem
771 1663 883 1723 scholia
902 1663 1026 1740 aliquot,
1042 1679 1110 1739 quae
1125 1659 1221 1720 omnia
1234 1659 1337 1720 riden-

245 1767 338 1820 tnrea
348 1757 476 1836 Ulpiano
490 1756 659 1833 desumpta.
694 1755 808 1816 lhidem
823 1755 929 1834 legitur
941 1754 1001 1816 rita
1016 1752 1160 1814 AEschinis
1174 1752 1282 1831 scripta
1296 1753 1335 1812 ah

246 1851 418 1931 Apollonio,
429 1850 488 1909 uita
496 1847 629 1924 ejusdem
639 1847 752 1907 incerto
763 1858 895 1922 auctore,
903 1848 948 1907 his
958 1847 1054 1910 serhis
1070 1845 1225 1924 incipiens,
1237 1847 1338 1925 Αἰσχι-

246 1969 297 2016 voye
317 1942 377 2010 uide
395 1941 431 2012 ἦν
451 1941 626 2019 ’Arpophrou
645 1946 693 1998 rosi
714 1945 913 2020 ypnppar'nroir
933 1982 967 2004 ..
989 1979 1043 1999 ...
1066 1983 1073 1998 .
1093 1939 1236 2018 reperitur
1256 1937 1334 2016 apud

202 2063 206 2069 ·
246 2036 367 2108 Aldnm,
378 2033 516 2095 Wollium
531 2042 560 2093 et
572 2031 734 2093 Reislsium.
771 2035 859 2094 llunc
873 2032 943 2093 cod.
955 2032 984 2092 in
999 2033 1048 2093 sd.
1062 2032 1128 2094 Par.
1144 2041 1337 2112 repraesentat

246 2132 369 2203 lilenq.
1113 2145 1118 2156 ⁴

287 2243 309 2302 p
332 2229 361 2282 8.
377 2228 467 2286 9997.
489 2223 565 2284 Cod.
578 2223 673 2284 chart.
694 2241 764 2282 saec.
787 2219 854 2284 XV.
873 2241 934 2299 quo
953 2221 1143 2283 eontinentur
1162 2229 1220 2282 tres
1241 2218 1336 2300 Olyn-

220 2305 223 2310 ’
247 2314 365 2385 thiaras,
384 2322 512 2392 quatuor
535 2314 717 2392 Philippicas,
733 2315 880 2374 orationes
901 2312 939 2374 de
961 2334 1045 2393 pace,
1063 2314 1101 2374 de
1123 2313 1282 2387 Halonesso,
1299 2312 1336 2373 de

247 2407 442 2479 Chersoneso,
456 2407 495 2466 de
509 2407 583 2467 male
594 2408 675 2467 ohita
688 2407 852 2486 legatione;
866 2406 954 2483 hurjus
969 2406 1108 2466 orationis
1118 2404 1208 2466 multa
1220 2405 1336 2466 desunt.

247 2499 336 2559 Hunc
349 2497 484 2558 codicem
497 2498 589 2557 editio
604 2499 734 2558 Parisina
748 2496 880 2576 designat
894 2516 948 2575 per
962 2498 1076 2558 literam
1091 2501 1118 2558 9.

286 2599 360 2669 pti.
386 2596 477 2650 2984.
503 2588 579 2649 Cod.
608 2590 821 2660 membraneus,
850 2609 919 2649 soec.
944 2590 1018 2650 llll.
1046 2589 1099 2668 qui
1124 2590 1221 2649 omnia
1247 2589 1338 2649 hahet

248 2681 458 2742 Demosthenis
477 2700 545 2758 quos
563 2691 728 2758 supersunt.
771 2680 897 2740 Videtur
917 2701 980 2741 esse
1004 2682 1059 2740 hio'
1071 2681 1165 2742 codex
1188 2681 1335 2742 indicatus

248 2775 279 2833 in
305 2773 441 2849 catalogo
468 2772 606 2832 codicum
631 2774 806 2852 Gmcorum
838 2773 954 2833 Nicolai
982 2773 1146 2853 llodulphii
1173 2773 1338 2834 Cardinalis
1366 2805 1370 2812 ·

249 2863 351 2923 classis
365 2863 500 2922 oratoria
514 2870 555 2920 n·.
568 2867 638 2923 995.
656 2863 857 2944 Δημοσθένονι·
865 2866 947 2941 λόγοι
959 2863 1013 2940 ffl',
1023 2883 1193 2944 quanquam
1202 2865 1252 2925 hic
1266 2885 1337 2925 eon-

249 2954 324 3015 tinet
334 2955 480 3014 orationes
491 2953 601 3013 Lvtrt.
615 2954 757 3032 epistolas
767 2954 805 3014 V.
814 2966 846 3015 et
857 2955 1011 3038 Ilpoolpro.
1034 2957 1180 3017 Caeterum
1195 2957 1223 3016 io
1239 2957 1338 3034 primis

249 3044 433 3106 orationibus
452 3053 520 3106 suut
535 3045 669 3123 queda-
692 3044 805 3106 acholia
818 3045 857 3108 ad
876 3066 965 3125 marg.
981 3065 1048 3125 qum
1070 3047 1149 3108 lectu
1167 3046 1338 3108 difficillima

249 3149 329 3202 aaut.

290 3240 375 3313 plo.
389 3237 480 3294 9996.
501 3231 579 3293 Cod.
598 3232 721 3293 membr.
735 3233 822 3312 eujus
841 3241 882 3294 99
901 3234 999 3311 priora
1012 3233 1082 3294 lolia
1097 3253 1167 3295 saec.
1191 3231 1280 3294 Xlll.
1299 3253 1341 3294 re·

247 3325 329 3406 liqna
353 3343 424 3385 saec.
439 3324 497 3386 xl.
510 3324 619 3403 scripta
639 3332 716 3386 sunt.
758 3325 804 3384 Eo
822 3323 892 3386 cod.
912 3325 1113 3400 continentur,
1133 3325 1341 3387 Demosthenis

248 3419 310 3478 vita
322 3418 444 3487 inedita,
457 3424 579 3477 anctore
598 3417 720 3477 Zoaimo
736 3417 916 3494 Ascalonita,
938 3417 990 3494 qui
1003 3418 1159 3478 Anastasio
1178 3417 1339 3496 imperante

251 3509 360 3580 floruit,
380 3509 517 3585 anonymi
530 3507 596 3568 sita
622 3507 828 3570 Demosthenis
847 3505 970 3580 inedita,
993 3507 1058 3568 hano
1072 3510 1133 3569 duo
1156 3509 1341 3588 reperiuntur
1426 3561 1432 3572 .

253 3613 333 3662 tomo
345 3599 369 3659 l.
381 3598 431 3659 ed.
442 3607 544 3671 nostr,
554 3599 734 3678 hypotheses
746 3599 871 3678 plurium
883 3599 972 3660 Dens.
985 3609 1059 3660 orat.
1071 3619 1106 3658 ea
1122 3597 1258 3678 Libanio,
1272 3621 1340 3680 pars

252 3692 429 3752 scholiorum
443 3690 565 3770 Ulpiani
585 3694 615 3750 in
637 3693 760 3770 primam
775 3691 995 3771 Olynthiacam,
1010 3693 1118 3752 deinde
1138 3693 1237 3754 omnia
1253 3693 1340 3754 Dem.

251 3801 320 3862 quae
335 3792 490 3862 supersunt
503 3791 723 3861 pretereausas
737 3782 803 3862 ejus
816 3784 945 3864 privatas
960 3794 990 3847 et
1004 3785 1154 3863 epistolas.
1190 3787 1341 3846 Orationi-

254 3878 308 3937 hus
328 3876 454 3956 adjectae
476 3886 544 3937 sunt
564 3877 754 3957 hypotheses,
775 3885 806 3936 et
829 3877 866 3937 ad
890 3876 1047 3956 marginem
1072 3878 1184 3939 scholia
1206 3878 1343 3957 leguntur

251 3968 412 4048 aliqnando
425 3967 567 4046 longiora,
582 3987 710 4046 qnorum
722 3976 828 4030 auctor
841 3969 912 4030 mihi
927 3971 1044 4049 ignotus
1057 3981 1113 4031 est.

292 4067 481 4146 ρ11.9999.
503 4061 579 4123 Cod.
595 4062 690 4126 chart.
713 4062 799 4138 carius
819 4074 892 4124 setas
910 4063 1070 4142 ignoratur,
1093 4063 1196 4124 misere
1215 4065 1343 4125 macula-

255 4163 313 4226 tus,
327 4163 359 4216 et
370 4172 472 4215 erosus
492 4153 678 4228 enormibus,
692 4155 744 4216 sed
760 4157 789 4216 in
808 4175 869 4234 quo
889 4156 974 4216 honae
989 4157 1172 4235 reperiuntur
1191 4157 1342 4219 lectiones.

255 4246 336 4307 luter
361 4257 468 4306 caetera
490 4244 624 4307 eontinet
644 4257 718 4306 orat.
741 4247 828 4307 Dern.
850 4247 888 4306 de
914 4247 1074 4327 Haloneao,
1095 4249 1180 4309 initio
1202 4251 1342 4321 mutilant,

184 4407 187 4412 ¹
254 4345 326 4397 orat.
337 4337 376 4399 de
386 4338 582 4410 Chersoneso,
593 4337 774 4417 Philippicas
786 4339 900 4398 tertiam
911 4350 942 4398 et
956 4349 1100 4416 quartam,
1114 4360 1157 4402 or.
1166 4342 1204 4401 ad
1216 4343 1344 4422 Philippi

254 4429 420 4507 epistolant,
442 4431 479 4490 de
501 4429 629 4502 Corona,
647 4431 775 4489 dentale
796 4431 878 4490 obita
897 4429 1053 4508 legatione,
1076 4432 1217 4494 adversus
1232 4434 1346 4494 Aristo-

254 4533 373 4592 cratem,
395 4520 560 4597 Leptinenn,
574 4521 734 4592 Cononem,
751 4521 884 4593 Midian,
901 4519 1124 4596 Androtionern,
1140 4525 1346 4596 Timocratem,
