2984 5034
348 385 410 448 AD
434 383 692 453 VARIANTES
716 331 980 452 LECTIONES.
1145 387 1208 454 359

119 563 192 622 qnos
205 543 379 622 precedunt
392 546 570 624 hypotheeee
579 555 610 606 et
620 547 857 608 connominatur
870 546 988 624 Ulpiani
1005 545 1129 619 scholia,
1143 565 1211 625 pere

118 637 216 714 alique
230 637 268 696 ab
289 638 371 697 initio
385 637 560 717 Philippicae
584 649 697 717 qnxrtae
711 659 779 702 eum
793 639 915 700 scholiis
931 637 1062 717 Ulpiani,
1075 639 1209 717 prefatio

119 727 238 807 Ulpiani
254 729 292 790 ed
307 728 509 808 Olynthiacns.

327 919 506 981 CODICES
528 913 786 982 COISLINIANI
808 923 1002 986 PARISINI.

155 1071 215 1124 cl.
237 1069 305 1124 823.
327 1063 404 1124 Cod.
425 1065 564 1143 bombyo.
580 1083 651 1125 stoc.
670 1063 759 1126 XIV.
781 1063 833 1144 qui
846 1064 922 1126 inter
940 1065 995 1126 alia
1010 1067 1101 1126 multa
1122 1067 1209 1126 habet

116 1166 175 1215 tres
190 1155 388 1233 Olynthium
401 1165 430 1214 et
445 1155 640 1236 Philippicom
655 1157 790 1235 primam.

155 1255 219 1308 ot.
234 1253 305 1307 ³24.
322 1247 399 1307 Cod.
413 1246 553 1326 bombyc.
571 1267 641 1309 xaec.
655 1249 722 1306 XV.
741 1267 779 1308 ex
793 1267 880 1308 manu
896 1249 1016 1311 Ioannis
1031 1251 1104 1311 Rosi
1118 1271 1212 1312 onocr-

115 1337 205 1412 dotio‚
231 1358 290 1418 qno
310 1339 385 1398 inter
403 1340 461 1399 elie
477 1340 625 1417 leguntur,
638 1339 699 1399 vite
712 1339 923 1401 Demosthenis
937 1361 974 1400 ex
999 1342 1135 1414 Libanio,
1150 1350 1210 1403 tres

116 1431 305 1511 Olynthixcae
330 1441 360 1490 et
384 1431 561 1511 Philippicae
589 1439 717 1511 quotuor
736 1451 803 1490 oum
826 1429 1053 1510 hypothesibus,
1074 1445 1148 1494 orat.
1173 1435 1211 1496 de

114 1543 201 1604 pace,
219 1524 258 1585 de
270 1524 430 1598 nanneno,
441 1524 478 1585 de
490 1521 687 1592 Chersoneso,
701 1521 740 1582 de
753 1520 937 1582 Rhodiorum
947 1523 1092 1598 libertate,
1105 1525 1211 1602 quihus

115 1617 205 1679 etiem
228 1615 422 1696 praefiguntur
439 1615 629 1694 hypotheses,
650 1634 694 1675 or.
714 1614 803 1675 Dem.
827 1613 865 1674 de
886 1615 1006 1676 Corona
1027 1635 1094 1677 cum
1116 1617 1212 1697 lypo-

116 1709 206 1783 theei,
222 1729 265 1770 or.
279 1709 413 1785 ejusdem
426 1707 466 1767 de
479 1708 555 1767 mele
567 1707 652 1768 obite
664 1707 822 1787 legatione.

155 1821 175 1862 o
201 1808 232 1863 8.
256 1805 326 1873 339.
347 1798 424 1859 Cod.
446 1798 570 1859 membr.
591 1817 663 1859 eno.
685 1799 776 1860 x111.
797 1799 850 1878 qni
873 1799 963 1860 hebet
984 1801 1080 1862 omnia
1103 1801 1213 1862 Demo·

117 1895 233 1956 sthenix
247 1913 316 1974 quoe
330 1900 497 1974 supersunt,
510 1901 620 1971 preter
633 1911 738 1954 censeo
752 1891 885 1954 forentes
899 1893 1038 1971 privates.
1080 1895 1215 1976 Epistola

115 1986 248 2068 Philippi
260 1985 452 2072 conjungitur
464 2004 534 2047 ouon
547 2005 591 2046 or.
605 1984 644 2046 xd
663 1984 788 2046 eandem
801 1985 968 2064 epistolem.
1017 1987 1213 2050 OntionIbuo

115 2078 314 2160 praefiguntur
329 2079 520 2159 hypotheses.
562 2078 598 2137 In
618 2077 745 2140 exordiis
758 2077 936 2140 concionum
959 2078 1031 2141 nihil
1051 2079 1145 2154 deest,
1161 2081 1214 2142 ned

116 2172 212 2234 multo
224 2181 456 2250 transponuntur
464 2170 571 2232 eodem
583 2171 675 2230 modo
690 2189 750 2249 quo
765 2172 795 2229 in
810 2171 920 2234 Aldina
934 2171 1076 2236 editione.

157 2263 211 2340 Ψ
232 2263 307 2322 Hzeo
319 2262 436 2322 Notitio
452 2261 491 2322 de
507 2261 668 2322 Codieibno
680 2260 894 2326 parisiensibus
907 2283 944 2326 ex
961 2262 1099 2327 Editione
1121 2265 1212 2326 Itha-

118 2355 196 2416 nanti
210 2357 322 2435 Augeri
333 2365 378 2416 eet
392 2355 549 2432 exscripto.

520 2543 698 2605 comens
720 2543 815 2604 ALII.

157 2710 176 2749 a
191 2697 219 2750 l.
234 2695 264 2750 2.
280 2697 308 2749 3.
323 2696 353 2749 4.
368 2695 397 2748 ὀ.
412 2693 440 2748 6.
463 2685 565 2746 Codex
580 2673 769 2764 Augustanus
784 2683 907 2762 primns,
923 2684 1079 2756 secundus,
1103 2683 1213 2757 tertius,

119 2792 255 2860 qumis,
268 2781 399 2860 quintus,
417 2790 529 2838 sextus.
550 2776 620 2839 Vid.
635 2777 693 2837 vol.
708 2777 728 2835 i.
744 2796 775 2855 p.
791 2774 919 2836 olxxxIv.
933 2795 1001 2855 eqq.

159 2895 177 2935 a
191 2893 216 2935 o.
231 2874 478 2954 *Supptemenum
491 2871 656 2950 Augustani
669 2869 767 2950 primi.
874 2863 877 2870 ’

160 2972 190 3032 b.
212 2968 316 3031 Codex
332 2967 501 3028 Bovxdene.
526 2966 595 3026 Vid.
609 2964 667 3025 vol.
679 2967 701 3024 i.
715 2982 746 3044 p.
761 2963 838 3024 cxci,

159 3065 189 3124 d.
211 3061 316 3133 Codex
330 3059 542 3122 Botoooixnoe.
562 3049 633 3117 Vid.
648 3057 708 3117 vol.
723 3055 744 3116 i.
758 3075 789 3134 p.
804 3077 852 3116 xo.

159 3177 188 3220 e.
210 3155 314 3216 Codex
328 3151 576 3214 vindobonensis.
588 3140 666 3210 tid.
680 3149 768 3210 voli.
782 3168 813 3229 p.
827 3169 875 3208 xc.

159 3248 183 3307 I.
206 3245 310 3306 Codex
324 3243 628 3306 Woll'enbuttelenoio.
650 3240 718 3304 lid.
730 3240 790 3304 vol.
804 3261 835 3322 p.
849 3241 925 3302 xcvi.

158 3361 190 3419 g.
213 3336 318 3399 Codex
330 3336 546 3398 Gonvillixnne.

158 3433 188 3492 h.
213 3428 318 3490 Codex
332 3427 523 3489 Ilarleixnno.
546 3426 614 3488 Vid.
627 3426 687 3488 vol.
703 3425 723 3487 i.
735 3445 768 3506 p.
783 3425 839 3490 xoi.

115 3529 119 3536 ’
160 3524 181 3583 ἰ.
211 3519 333 3582 Reixlxio
346 3527 355 3556 ⁴
368 3519 530 3601 Appendix
539 3517 791 3581 Francoturtanass
831 3520 878 3579 De
892 3536 950 3597 qno
964 3519 1005 3578 II.
1015 3518 1139 3580 Wolfine
1153 3521 1214 3585 eie:

121 3621 140 3649 ‘⁴
146 3613 305 3690 lectiones
314 3613 345 3674 in
357 3611 586 3673 Demosthenem
597 3611 823 3683 diremtum
832 3609 947 3672 Codice
959 3609 1088 3690 quodem
1097 3621 1213 3675 vetusto

121 3703 286 3787 eodemque
300 3704 417 3779 Italico,
431 3714 494 3763 tum
507 3725 546 3763 ex
561 3703 682 3775 Aldino,
697 3701 747 3763 oui
760 3701 826 3763 illos
837 3703 883 3763 vix
893 3703 1011 3781 qnidam
1026 3704 1213 3768 doctissimus

122 3796 578 3877 monoptopriexdsoripoent.”

160 3889 192 3951 k.
214 3889 317 3951 Codex
332 3887 533 3952 Loolxernnoo.
555 3887 625 3948 Vid.
641 3889 699 3948 vol.
713 3888 734 3949 i.
747 3908 778 3967 p.
793 3888 852 3948 on.

161 3983 182 4042 l.
211 3981 316 4042 Codex
329 3979 509 4042 hudinnno.
531 3979 600 4040 Vid.
615 3979 673 4040 vol.
688 3979 708 4038 i.
720 3999 753 4058 p.
767 3981 825 4042 xoi.

159 4094 201 4136 m.
211 4073 316 4134 Codex
330 4072 598 4146 Meemxnnixnnx.
618 4071 688 4135 vid.
701 4072 759 4134 vol
775 4073 795 4133 i.
808 4092 839 4151 p.
853 4072 940 4132 cxcii,

161 4187 192 4225 n.
213 4165 317 4228 Codex
334 4165 522 4227 ΒοᾱΙοίιηιιε.
542 4162 612 4226 vid.
623 4163 682 4224 vol.
696 4165 717 4224 l.
730 4183 764 4242 p.
777 4164 835 4224 xci.
884 4184 887 4190 ·

161 4277 191 4318 o.
211 4258 317 4320 Codex
329 4257 486 4338 ObeopoeI.
509 4254 579 4316 Vid.
593 4256 652 4316 vol.
666 4257 687 4317 i.
700 4274 734 4335 p.
748 4255 855 4316 lxxxix.

164 4370 196 4431 q.
216 4350 321 4421 Codex
333 4351 520 4413 Medexnno.
541 4349 610 4410 Vid.
624 4348 683 4411 vol.
693 4347 714 4410 i.
723 4367 756 4426 p.
771 4347 828 4408 xoi.
881 4373 884 4378 ·

164 4464 188 4505 r.
209 4443 313 4505 Codex
328 4444 562 4523 RehdIgerxnne.
582 4441 653 4502 Vid.
666 4442 723 4502 vol.
738 4440 760 4500 i.
773 4459 805 4520 p.
819 4437 937 4500 clxxxii.

165 4559 190 4596 ι.
212 4535 313 4598 Codex
329 4537 530 4601 nemetensis.
551 4533 622 4600 vio.
633 4533 691 4596 vol.
705 4533 725 4595 i.
739 4552 771 4613 p.
786 4531 844 4596 xoi.
