2984 5034
327 833 765 992 HIERONYMI
819 829 1093 938 wonrn

186 1229 378 1299 ULPIANI
410 1231 812 1302 DEMOSTHENICOS
840 1223 1218 1330 COMMENTARlOS

555 1417 865 1488 PRAEFATIO.

657 1617 754 1641 -Ρ

315 1739 454 1829 ΠΑΛᾉῙ
468 1743 527 1802 τότ’
541 1741 599 1802 ἐστὶ
612 1745 694 1802 τοῦτό
706 1765 757 1822 μοι
769 1740 946 1822 δεδογμένον·

315 1833 365 1901 'ilc
378 1837 393 1894 d
408 1833 514 1900 δίκαιος
527 1841 588 1902 τοῖς
600 1836 692 1902 τέλος
705 1837 802 1918 ripun*
815 1837 897 1914 ἀνὴρ.

316 1923 355 1985 ‘O
368 1924 391 1984 d
404 1928 445 1992 ele
456 1926 488 1986 sd
502 1923 597 2005 κέρδος
609 1930 676 2006 λῆμ’
688 1925 764 2006 ἔχων
778 1929 935 2006 ἀνειμένον·

315 2017 407 2078 Πόλει
420 2023 445 2080 τ’
458 2020 612 2102 ἄχρηστος,
627 2023 674 2078 sol
687 2024 901 2082 συναλλάσσειν
912 2016 1014 2100 (inpie,

317 2111 400 2190 Αὓηῖ
415 2111 437 2170 δ’
450 2111 614 2190 ἄριστοι·-

150 2267 259 2328 Iclaus
280 2267 362 2346 apud
383 2267 557 2346 Euripidem
576 2268 634 2330 sits
663 2288 723 2330 non
742 2269 832 2330 modo
858 2271 993 2332 llerculis
1014 2268 1138 2332 visenti
1159 2265 1257 2330 tidelis

151 2379 258 2423 comes
272 2378 310 2419 ao
320 2357 439 2419 socios:
456 2359 508 2417 sed
523 2366 554 2418 et
564 2359 722 2418 liberorum
736 2359 816 2418 illins
825 2379 922 2436 omne
931 2361 970 2421 sd
980 2371 1142 2420 extremum
1154 2359 1260 2437 capitis

151 2451 315 2512 discrimen
329 2449 468 2518 defensor
485 2449 631 2511 assiduus.
671 2451 737 2528 ligo
753 2467 833 2524 vero,
846 2449 902 2510 etsi
916 2449 1059 2529 presure
1073 2453 1150 2522 solo,
1166 2469 1261 2527 quen·

152 2549 220 2603 tum
233 2562 251 2603 a
264 2542 338 2602 tanti
353 2541 407 2601 viri
422 2541 529 2602 virtute
543 2542 654 2607 absim:
677 2551 786 2611 tannen,
801 2539 857 2600 nisi
877 2549 910 2600 et
927 2541 993 2620 ipse
1011 2540 1163 2619 publicem
1178 2541 1260 2601 utili·

153 2641 261 2705 tetens,
276 2642 307 2694 et
320 2631 391 2693 boni
409 2651 444 2692 ac
459 2633 590 2694 liberalis
603 2633 657 2694 riri
669 2633 812 2703 officium,
828 2633 953 2711 privetis
966 2634 1038 2693 meis
1051 2632 1215 2694 commodis
1227 2639 1261 2692 et

110 2723 115 2736 '
153 2724 358 2804 voluptatibus
380 2724 585 2803 praetulissem,
608 2734 669 2786 tum
683 2727 772 2804 longe
785 2725 903 2786 suarius
914 2725 1011 2786 rivere
1025 2726 1098 2786 milri
1108 2725 1171 2803 jam
1183 2726 1261 2786 mul-

155 2821 210 2878 tos'
219 2835 322 2892 annos,
337 2825 399 2877 tum
413 2835 475 2876 rem
488 2816 660 2879 familiarem
674 2819 735 2879 sine
754 2817 930 2894 cujuiqnsm
947 2817 1056 2895 injurie
1076 2817 1259 2898 amplificare

154 2910 307 2974 licuisset:
329 2911 383 2970 κᾶν
403 2909 454 2987 ὀψὲ
476 2921 526 2980 τῆς
546 2913 659 2984 ἡλικίας
679 2912 917 2991 μιθαρμοσσμίνμ
937 2913 990 2981 τὴν
1006 2912 1114 2993 ψνχιὶν,
1127 2918 1160 2970 nt
1174 2909 1261 2970 Anna

154 3003 235 3081 patri
256 3001 408 3062 Locisnici
429 3001 525 3062 verbis
546 3012 621 3064 utar.
663 3003 722 3064 Sed
737 3001 840 3063 nescio
853 3001 1009 3081 quomodo
1017 3002 1171 3063 Ciceronis
1183 3001 1260 3062 illud

155 3093 269 3156 insedit
281 3094 377 3154 animo
391 3113 466 3168 meo,
479 3104 511 3155 et
524 3094 650 3156 subinde
665 3103 807 3156 vasatum
822 3105 869 3157 est
878 3096 920 3156 ols
932 3095 1053 3159 oculos:
1066 3095 1259 3174 Voluptatem

154 3205 212 3267 pro
227 3185 317 3246 nihilo
332 3187 493 3265 putandam
507 3205 590 3255 essee
612 3207 680 3268 quse
693 3208 763 3250 cum
776 3189 962 3266 praeterierit,
981 3189 1104 3268 perinde
1122 3187 1170 3261 sit,
1183 3207 1221 3249 ao
1232 3187 1260 3247 si

157 3279 236 3340 nulls
252 3277 368 3358 luisset.
410 3279 528 3340 Deinde
541 3290 575 3341 et
586 3281 768 3360 Apostolicis
781 3281 907 3342 cnemis
921 3299 1050 3355 moveor,
1062 3279 1106 3342 dn
1118 3280 1207 3361 podis
1217 3283 1259 3348 ele

156 3370 208 3433 τὸν
221 3373 326 3451 κόσμον
343 3373 553 3448 ιῐσενέγκσντες
574 3371 662 3454 μηδέν
679 3397 713 3450 γε
732 3373 887 3452 ἐξοίσομεν.
907 3371 1021 3452 ἔχοντες
1042 3379 1139 3433 τοίνυν
1158 3372 1261 3435 md·

158 3487 256 3544 σματα
281 3466 326 3522 stol
351 3463 515 3546 διατροφὰς,
540 3467 647 3534 τούτοις
669 3461 911 3544 ἀρκεσθησόμεθα.
960 3463 1052 3533 Quod
1077 3461 1195 3539 quidem
1223 3482 1260 3524 eo

156 3555 227 3616 milti
243 3554 409 3634 expeditius
430 3568 461 3617 et
483 3556 599 3618 focilius
620 3566 685 3624 ests
715 3556 798 3634 quod
822 3556 1012 3616 Bibliotheca
1032 3575 1097 3616 mea
1115 3555 1186 3616 milri
1202 3569 1259 3636 pso

157 3665 249 3708 uxone
261 3657 293 3708 et
307 3647 419 3721 liberis,
432 3649 471 3709 ab
484 3651 604 3710 ineunte
617 3658 705 3710 oetsts
723 3649 755 3708 in
772 3649 853 3709 inuno
866 3667 961 3724 usque
980 3646 1070 3722 diem,
1084 3649 1160 3712 tuit:
1186 3667 1258 3728 quo,

155 3749 267 3820 prester
279 3759 393 3801 omnem
408 3750 439 3802 et
450 3759 542 3801 means
557 3750 589 3802 et
607 3741 804 3819 complurium
824 3741 1004 3802 medicorum
1025 3748 1115 3820 stqne
1134 3743 1260 3802 astrolo-

108 3907 112 3914 Ι
157 3852 261 3914 gomor
282 3832 463 3912 opinionem,
483 3852 590 3895 annum
614 3833 711 3894 aetatis
732 3835 868 3912 superesi
887 3834 1177 3913 quinquegesimnms
1199 3835 1261 3898 rita

157 3923 240 3996 milri,
258 3924 289 3988 in
307 3923 478 4002 quotidiana
498 3944 575 4004 pene
594 3925 801 4004 desperatione
813 3925 881 3985 vitae
894 3929 977 4004 (quse
994 3924 1115 4003 quidem
1128 3925 1216 3986 dolor
1227 3937 1260 3988 es

156 4017 279 4078 morbus
293 4025 325 4078 et
340 4016 425 4076 labor
438 4016 538 4096 potius
551 4037 639 4093 quam
650 4017 711 4078 vita
723 4016 792 4095 fuit)
805 4018 958 4088 divinitus,
971 4036 1030 4080 non
1042 4018 1104 4077 sine
1115 4017 1258 4080 miraculo

157 4107 287 4189 quodam
309 4117 481 4192 propagata.
524 4108 607 4178 Quot
625 4119 722 4171 autem
740 4110 842 4189 etqui
860 4109 1072 4182 adolescentes,
1084 4127 1146 4186 quo
1158 4111 1259 4191 rigore

156 4219 327 4280 corporum,
353 4219 413 4280 qus
436 4201 599 4264 animorum
624 4202 776 4264 alacritate
798 4201 928 4281 praediti,
954 4202 1062 4281 partim
1088 4201 1257 4277 familiares,

156 4293 262 4373 partim
285 4292 424 4372 discipuli
451 4302 482 4354 et
506 4293 658 4355 auditores
679 4295 750 4366 mei,
771 4294 895 4355 diversis
918 4294 1038 4356 casibus
1063 4294 1179 4356 interim
1203 4316 1256 4358 oc·

156 4385 302 4452 ciderinl:
323 4405 383 4448 non
406 4386 469 4448 sine
492 4387 594 4448 dolore
617 4405 738 4467 possum
762 4386 923 4450 recordari.
965 4387 1075 4450 Verum
1095 4387 1136 4450 its
1154 4387 1199 4464 lit,
1223 4399 1258 4450 nt

157 4489 246 4557 poeta
260 4479 356 4539 canite

159 4620 162 4626 .
199 4585 276 4630 vor..
290 4585 339 4630 vn,
705 4591 724 4632 a

452 4632 590 4773 ,si
