2984 5034
275 379 339 445 280
714 379 923 446 scrtottt.

273 558 385 608 eornm,
406 557 475 616 qun
496 538 650 599 Fabricius
671 540 767 619 legere
792 538 950 613 nequisset,
971 545 1134 596 commenta
1157 553 1210 595 sua
1234 535 1370 596 suffecit.

275 631 381 709 Neque
393 641 509 710 egomet
522 632 585 710 ipse
599 630 741 692 affirmare
750 630 853 703 ausim,
864 649 911 691 me
919 647 1002 688 versa
1010 627 1122 689 codicis
1132 628 1213 707 Aug.
1222 626 1369 688 lectiones

274 721 384 801 ubique
397 722 530 784 locomm
542 731 594 784 aut
607 731 773 784 mutum
786 742 863 794 esse,
874 731 924 780 aut
938 719 1111 780 reddidisse.
1145 717 1318 789 recitetur,
1332 732 1370 780 et

273 833 388 886 vereor,
409 834 446 874 ne
467 833 526 874 non
545 834 612 875 raro
631 815 744 876 factum
764 815 811 887 sit,
825 823 859 874 ut
872 833 928 893 ego
948 833 1078 892 quoque,
1102 812 1153 890 qni
1172 811 1222 872 die
1236 819 1267 876 7.
1281 814 1370 872 Junii

272 913 363 972 1767.
376 907 427 966 illa
440 907 553 968 scholia
565 908 728 968 exscribere
741 907 891 987 coeperim,
909 913 941 966 et
959 904 990 966 d.
1003 913 1053 966 11.
1066 905 1136 965 Julii
1149 905 1280 982 ejusdem
1295 907 1370 966 anni

272 999 403 1080 laborem
416 999 494 1060 hauc
507 999 691 1074 absolverim,
710 1009 752 1072 et,
771 1001 896 1060 obrutus
914 1007 1005 1078 atque
1018 998 1168 1060 districtus
1181 999 1303 1060 aliarum
1318 1020 1371 1060 re·

272 1110 335 1152 rum
356 1091 532 1170 agendarum
552 1092 750 1166 multitudine,
771 1091 832 1152 otio
853 1091 1011 1152 destitutus
1035 1089 1140 1150 fuerim
1161 1093 1369 1171 apographum

274 1201 370 1243 meum
383 1194 452 1244 oum
465 1183 640 1244 membranis
653 1185 725 1263 ipsis
738 1203 840 1245 rursus
854 1182 1055 1262 comparandi,
1074 1203 1142 1263 quic
1154 1185 1331 1244 membranae
1349 1205 1370 1245 a

273 1297 320 1337 me
339 1277 428 1356 paulo
448 1278 573 1358 posted
595 1278 731 1340 dominos
752 1278 880 1338 remissie
905 1287 982 1352 sunt,
1003 1276 1136 1356 suspicor
1149 1277 1235 1356 igitur
1249 1277 1365 1339 lantum

272 1389 337 1430 esre
351 1371 460 1450 passim
472 1372 603 1432 locorum
619 1382 651 1433 ut
664 1372 861 1450 peccaverim,
873 1391 933 1431 non
948 1370 1088 1431 meditate
1102 1371 1224 1431 et'lente
1237 1391 1294 1431 rem
1310 1393 1366 1450 ge-

272 1481 348 1536 rens,
364 1465 415 1524 sed
430 1463 569 1526 festinans
582 1464 681 1524 labore
695 1463 826 1541 defungi,
837 1463 1000 1524 necessario
1015 1461 1133 1542 quidem
1147 1463 1208 1535 illo,
1224 1465 1275 1524 sed
1287 1465 1370 1543 iuju-

273 1554 370 1616 cundo
381 1566 412 1617 et
421 1577 509 1636 quesn
523 1559 614 1617 invita
628 1558 762 1618 Minerva
775 1555 939 1616 tolerarem.
980 1556 1069 1625 Quod
1082 1558 1107 1616 si
1117 1577 1188 1637 ergo
1202 1558 1302 1617 hocin
1316 1578 1368 1637 ge·

272 1667 342 1708 nere
355 1669 411 1728 ego
425 1667 544 1728 quoque
557 1649 674 1709 humani
688 1649 760 1727 quid
774 1667 876 1728 passus
890 1647 984 1723 hiero,
999 1657 1030 1708 ut
1044 1647 1114 1707 fidei
1128 1648 1256 1726 publicae
1271 1648 1367 1726 impo-

272 1759 383 1816 nerem,
406 1742 501 1820 culpae
523 1741 634 1800 veniam
654 1761 737 1820 rogo,
759 1741 797 1801 nb
818 1740 910 1800 invito
932 1750 962 1801 et
982 1737 1166 1819 imprudente
1188 1743 1365 1802 commisere.
1397 1737 1400 1742 ’

273 1832 397 1893 Disoant
416 1833 496 1903 hinc,
518 1832 570 1910 qni
591 1830 778 1911 bibliothecis
796 1841 937 1911 presunt,
951 1853 987 1893 ex
1000 1852 1046 1904 eo,
1065 1833 1146 1916 quod
1161 1833 1280 1894 codices
1295 1853 1366 1894 snos

273 1925 340 1987 siris
355 1926 452 1986 doctis
462 1925 647 2004 usurpandos
661 1925 743 1999 dent,
757 1927 852 2005 pretio
866 1927 1002 1989 codicum
1017 1927 1089 1988 nihil
1101 1927 1256 1989 decedere.
1286 1928 1365 1990 Fieri

272 2018 384 2096 nequit,
398 2025 431 2078 nt
444 2036 518 2077 unns
531 2018 630 2089 homo,
645 2020 808 2097 praesertim
821 2018 971 2094 festinans,
985 2021 1083 2082 omnis
1093 2032 1194 2082 cerunt
1206 2031 1237 2082 et
1251 2031 1365 2084 enotet.

272 2109 463 2184 Posteriores,
477 2109 596 2170 eosdem
609 2110 638 2170 in
650 2110 771 2171 codices
785 2130 851 2171 cum
865 2111 1009 2184 incidunt,
1023 2113 1109 2192 plura
1122 2114 1297 2192 pauciorave
1311 2117 1366 2174 oh-

271 2212 400 2281 serrant,
415 2221 432 2262 a
445 2202 795 2282 majoribnsprrcterrisa.
836 2204 923 2284 Saepe
940 2223 1060 2284 quoque
1073 2207 1156 2264 locus
1169 2204 1365 2266 dubitationis

272 2293 385 2372 incidit,
397 2304 464 2354 nter
477 2314 575 2356 verum
589 2297 703 2367 viderit,
717 2297 798 2375 prior
810 2314 847 2356 nn
860 2297 1015 2376 posterior.
1053 2297 1173 2358 Debent
1186 2297 1274 2374 igitur
1288 2295 1366 2373 ejus-

272 2387 356 2450 modi
370 2389 543 2450 membranae
556 2410 575 2450 a
588 2389 714 2450 dominis
726 2399 828 2452 sancte
843 2399 873 2450 et
887 2391 1022 2468 religiose
1031 2391 1366 2470 custodiri,utsupersit

271 2481 381 2543 arbiter
395 2481 517 2542 idoneus
531 2483 575 2542 liti
588 2481 772 2544 dirimende.
813 2484 912 2553 Quare
925 2483 1067 2560 majorem
1082 2484 1111 2544 in
1126 2485 1243 2546 modum
1258 2505 1274 2544 n
1288 2485 1364 2544 viris

271 2573 368 2635 doctis
381 2585 555 2652 petuntque
569 2575 728 2648 contendo,
741 2576 766 2634 si
777 2575 827 2652 qui
838 2585 890 2636 aut
899 2580 1040 2656 Auguste
1055 2587 1131 2650 suut,
1142 2587 1192 2637 aut
1203 2589 1298 2650 erunt,
1307 2592 1364 2640 nut

271 2664 416 2740 siquibus
428 2664 490 2726 aliis
505 2666 576 2725 alibi
597 2667 727 2726 locorum
750 2669 834 2746 copia
848 2669 984 2740 codicum
999 2675 1233 2750 Augustauorum
1249 2670 1312 2742 fiet,
1328 2685 1364 2733 ut

271 2757 404 2818 codicem
417 2757 625 2817 Demosthenis
638 2762 850 2836 Augusteum,
864 2779 881 2819 n
899 2782 944 2822 me
964 2761 1121 2840 diligenter
1135 2772 1301 2835 tractatum,
1317 2767 1362 2824 ni-

272 2850 427 2911 hilominus
448 2861 545 2912 tamen
564 2851 668 2928 majori
681 2852 768 2912 etiam
782 2853 1121 2932 diligentisexumiueur‚
1135 2857 1272 2931 quoniam
1291 2877 1361 2916 cum

256 2942 422 3017 credibile,
429 2953 490 3004 tum
498 2953 608 3006 certum
617 2946 692 3005 eden
701 2956 757 3020 est,
764 2947 902 3007 nonnulla
911 2948 1187 3028 meamdiligentiam
1196 2948 1363 3026 effugisse.”

311 3037 493 3098 DeScboliis
503 3037 788 3118 Leasisgisnis,›quro
803 3040 891 3100 literis
905 3043 1070 3102 Laastrro.
1085 3041 1229 3120 insignivi,
1244 3041 1358 3102 Reishi·

270 3150 323 3191 us:
344 3136 364 3166 “
377 3131 503 3192 Scholiis
517 3132 607 3204 hisce,
628 3153 664 3192 es
678 3134 849 3212 hugustnuo
868 3143 899 3194 et
917 3135 1058 3194 Bavarico
1078 3134 1154 3193 libro
1174 3134 1285 3210 petitis,
1305 3135 1358 3194 ad-

265 3225 352 3303 jnnsi
365 3243 459 3303 psuca
472 3226 619 3303 quiedam,
633 3245 701 3304 ane
715 3227 834 3298 Aldina,
850 3247 866 3288 e
880 3227 1031 3306 Lessingio
1045 3227 1082 3286 V.
1097 3227 1132 3287 C.
1147 3246 1260 3287 mecum
1275 3247 1358 3287 com-

269 3317 426 3392 municata,
438 3319 666 3399 suppeditavit.''

310 3411 430 3472 Scholia
447 3411 586 3488 denique,
608 3412 646 3473 nd
659 3414 824 3493 marginem
836 3413 974 3474 editionis
990 3416 1152 3476 Lutetianse
1166 3413 1310 3495 apposita,
1324 3421 1358 3472 et

252 3503 298 3563 in
312 3504 402 3582 priori
416 3503 502 3580 hujus
517 3505 604 3564 Tomi
615 3517 699 3584 parte
711 3509 828 3581 omissa,
841 3507 975 3586 insignivi
988 3508 1082 3568 literis¹
1093 3510 1178 3570 auu.

271 3641 275 3646 ‚
309 3597 428 3656 Scholia
442 3597 493 3656 ubi
513 3617 578 3658 curn
593 3598 715 3679 vulgatis
728 3603 916 3672 conveniunt,
935 3603 1076 3681 appositis
1095 3603 1220 3664 numeris
1235 3600 1356 3680 pagina-

268 3707 333 3748 rum
342 3699 373 3750 et
383 3709 518 3750 serenum
527 3692 663 3752 editionis
673 3695 790 3755 Nostra
802 3695 846 3756 his
856 3699 938 3756 nucis
949 3702 961 3776 (
974 3698 1119 3773 ,liuclusis
1130 3697 1249 3776 (quibus
1258 3707 1356 3755 autern

269 3781 334 3842 haec
349 3781 431 3860 signa
445 3785 827 3867 com·numeris·adscripta
849 3808 906 3848 non
925 3801 1004 3861 sunt,
1024 3808 1059 3850 en
1073 3789 1192 3852 Scholia
1213 3789 1243 3848 in
1263 3788 1355 3867 priori

267 3874 356 3952 hujus
369 3884 459 3934 sextu
473 3874 561 3936 Tomi
574 3886 656 3953 parte
669 3897 728 3937 non
742 3881 1071 3956 prostant),·Varietates
1084 3879 1233 3941 lectionis
1247 3881 1356 3938 solum-

267 3966 358 4027 modo
370 3968 494 4028 enotavi.
524 3969 661 4047 Superest
674 3979 707 4029 ut
719 3971 844 4032 lectores
857 3972 1140 4051 his‚.qualiacnnque
1154 3983 1232 4044 sunt,
1247 3971 1354 4032 sudore

267 4061 333 4121 VV.
345 4061 415 4125 DD.
430 4060 534 4141 partis,-
547 4082 613 4123 meo
626 4063 758 4142 digestis,
773 4066 856 4126 honis
872 4065 1012 4128 fruantur.
