2984 5034
375 412 440 476 AD
461 407 717 478 VARIANTES
742 407 1008 474 LECTIONES.
1180 407 1243 472 367

152 567 395 648 Aristogitonem,
409 579 484 630 orat.
497 570 597 631 AEaoh.
612 569 650 630 111
664 570 738 629 male
754 569 836 629 obita
850 568 996 647 legatione
1010 574 1040 627 et
1058 566 1096 625 de
1110 565 1237 626 Corona.

150 659 189 718 -ln
200 659 245 721 his
255 662 389 722 omnibns
400 672 466 722 sunt
475 663 679 722 annotationes
688 662 796 740 aliquas
808 661 989 740 marginales,
1003 679 1125 738 quarum
1139 667 1240 719 aucto·

152 769 214 812 rem
227 753 339 832 ignoro.
369 757 443 816 Post
455 755 601 815 orationes
615 754 767 814 nonnullas
783 754 953 814 scribuntur
964 771 1063 813 versus
1078 773 1113 812 ex
1127 750 1237 820 Iliade:

154 845 207 921 qui
221 848 321 908 neseio
333 867 386 907 cur
397 846 457 907 illic
469 853 634 907 occurrant.

194 956 216 1016 p
231 945 279 1001 12.
293 945 382 1000 2943.
403 938 478 998 eod.
492 939 587 999 ebert.
602 958 670 1001 saec.
686 939 770 999 xvl.
788 937 839 1016 qui
856 938 931 997 inter
944 945 1052 996 cetera
1067 934 1166 1006 habet,
1181 941 1241 994 tres

155 1027 362 1092 Demosthenis
375 1032 567 1111 Olynthiacss
584 1052 651 1092 curn
672 1031 895 1110 hypothesibus,
909 1025 1114 1087 Demosthenis
1133 1026 1240 1086 oratio·

154 1141 223 1181 nem
242 1123 280 1183 de
294 1124 411 1184 Corona
430 1143 497 1184 cum
518 1124 684 1204 hypothesi,
705 1122 840 1200 ejusdem
859 1119 1005 1180 orationes
1023 1119 1159 1179 adversus
1180 1119 1239 1177 Mi·

114 1222 119 1231 '
154 1213 234 1272 diam
247 1222 278 1274 et
290 1214 503 1275 Aristocratem
520 1235 586 1274 cum
601 1213 822 1294 hypothesibus,
836 1211 994 1272 orationem
1008 1211 1158 1270 funebrem
1174 1229 1240 1288 quse

154 1305 232 1366 inter
250 1325 341 1386 opera
357 1307 562 1368 Demosthenis
581 1309 737 1385 reperitur.
779 1308 814 1365 ln
835 1306 880 1365 his
897 1305 1033 1366 omnihus
1051 1313 1119 1365 sunt
1132 1305 1240 1383 aliquae

155 1399 357 1458 annotationes
371 1399 409 1459 ad
424 1400 595 1477 marginem.

195 1509 216 1568 p
233 1496 278 1550 13.
292 1497 383 1553 25911.
406 1492 482 1552 Cod.
497 1493 593 1552 chart.
608 1499 653 1552 sat
666 1491 753 1550 bonae
767 1499 846 1550 notae
859 1508 929 1550 saec.
943 1490 1011 1550 XV.
1027 1491 1078 1567 qui
1097 1489 1173 1548 inter
1184 1489 1241 1548 alia

156 1583 248 1643 multa
267 1586 412 1657 1111111111,
427 1585 517 1643 vitam
533 1583 753 1654 Demosthenis,
773 1581 896 1641 eandem
915 1591 1044 1659 quaeest
1063 1579 1191 1642 secunda
1211 1581 1241 1639 in

155 1675 335 1748 colmano,
345 1696 446 1736 omncs
455 1677 543 1736 Dem.
552 1684 627 1738 orat.
636 1674 777 1737 adversus
786 1674 954 1753 Philippum
963 1673 1092 1753 eliasque
1103 1673 1242 1752 politicas

155 1769 323 1840 conciones,
333 1788 400 1828 cum
411 1769 543 1829 oratione
556 1769 687 1846 ejusdem
702 1768 739 1828 de
754 1768 880 1827 Corona.
922 1766 976 1826 llis
990 1765 1124 1826 omnibus
1138 1765 1243 1826 oratio-

156 1859 244 1920 nibus
252 1859 382 1939 praefixae
393 1869 461 1921 sunt
469 1861 658 1940 hypotheses,
668 1860 776 1938 aliquas
786 1859 897 1920 hahent
905 1858 1018 1919 scholia
1026 1856 1064 1917 ad
1077 1859 1241 1936 marginem,
1284 1861 1285 1864 ’

158 1969 284 2028 quorum
298 1961 401 2011 auctor
415 1953 484 2012 mihi
498 1953 615 2031 ignotus
627 1962 682 2026 est,
702 1971 824 2031 quorum
845 1961 941 2011 tamen
956 1951 1095 2011 nonnulla
1113 1950 1183 2010 mihi
1200 1951 1242 2010 ri·

156 2043 264 2105 dentur
277 2065 316 2104 ex
328 2046 456 2125 Ulpiano
470 2047 558 2106 luisse
572 2055 722 2124 excerpta.

198 2156 220 2215 p
243 2144 291 2197 14.
310 2144 399 2197 2844.
424 2139 506 2198 cod.
520 2158 710 2218 papyraceus,
734 2156 812 2197 anno
833 2143 912 2197 1498
932 2137 1068 2216 scriptus,
1090 2155 1150 2214 quo
1170 2135 1244 2196 inter

156 2239 267 2289 caetera
278 2230 475 2300 continentur,
491 2229 557 2288 finis
569 2230 709 2289 orationis
722 2238 825 2289 contra
840 2229 1062 2302 Androtionern,
1081 2238 1143 2288 tota
1157 2229 1246 2312 Dem.

157 2330 232 2381 orat.
246 2321 284 2381 de
296 2323 425 2392 Corona,
439 2323 553 2382 initium
567 2321 710 2382 duntaxat
722 2321 856 2396 ejusdem
869 2321 1008 2381 orationis
1022 2321 1059 2380 de
1074 2323 1147 2380 ursle
1162 2320 1245 2380 obita

157 2413 316 2492 legatione,
328 2424 403 2474 orat.
413 2414 543 2474 funebris
556 2433 624 2491 quae
638 2413 714 2473 inter
727 2412 860 2489 ejusdem
875 2431 963 2491 opera
972 2414 1125 2491 reperitur.

152 2507 155 2523 '
200 2525 222 2584 p
243 2513 291 2567 15.
317 2512 406 2566 2986.
431 2506 508 2565 Cod.
529 2506 638 2566 memb.
662 2525 731 2565 saec.
752 2504 838 2565 Xlll.
862 2505 989 2582 scriptus
1013 2505 1171 2581 eleganter,
1195 2505 1246 2583 qui

159 2598 249 2658 habet
263 2599 351 2657 vitam
362 2590 581 2670 Demosthenis,
594 2599 717 2659 eandem
732 2616 800 2676 qnae
814 2607 859 2656 est
873 2597 1002 2656 secunda
1016 2597 1045 2655 in
1059 2596 1127 2655 eod.
1145 2602 1247 2670 2935„

157 2691 291 2768 ejusdem
306 2692 392 2751 Dem.
406 2691 467 2751 vita
480 2712 516 2751 ex
527 2692 661 2759 Libanio,
671 2690 740 2750 dein
752 2690 848 2750 omnis
858 2688 923 2765 ejus
933 2689 1055 2749 oratoris
1068 2707 1134 2766 quae
1144 2709 1246 2768 super-

159 2793 228 2845 sunt
247 2793 357 2863 proeter
375 2784 525 2862 epistolas.
567 2783 696 2843 Exordia
719 2782 894 2843 concinnum
918 2781 1060 2862 incipiunt
1082 2782 1245 2843 adecimo.

160 2876 318 2936 Orationes
327 2876 436 2934 habent
446 2874 556 2934 scholia
568 2875 605 2939 ut
618 2875 786 2952 marginem,
798 2892 922 2951 quornm
934 2883 1038 2934 auctor
1046 2873 1118 2932 mihi
1128 2873 1244 2952 ignotus

159 2978 214 3028 est.
237 2969 318 3027 Duas
328 2967 436 3045 primas
446 2968 640 3044 Olynthiacas
654 2965 886 3026 concomitantur
896 2965 1007 3026 scholia
1016 2966 1146 3045 Ulpiani.
1166 2967 1248 3026 Non·

160 3059 245 3120 nullis
259 3048 440 3120 orationibus
453 3057 583 3136 proefisae
597 3068 663 3117 sunt
676 3057 864 3136 hypotheses.
887 3057 945 3116 llic
959 3057 1026 3116 cod.
1041 3056 1145 3116 multas
1159 3057 1248 3117 hahet

53 3202 57 3206 t
161 3153 306 3212 sanantes
322 3169 491 3211 communes
510 3169 578 3209 cum
598 3148 667 3210 cod.
685 3167 773 3228 quem
793 3148 930 3210 Reislrins
945 3156 1030 3208 vocat
1046 3150 1246 3226 Augustarum

60 3306 64 3316 ,
160 3263 297 3322 primum.

202 3355 224 3414 p
239 3344 288 3397 16.
302 3340 391 3398 2994.
411 3332 488 3394 eod.
506 3334 611 3395 memb.
629 3334 700 3392 tac.
717 3331 791 3389 ΧΙΙ.
806 3331 857 3409 qui
873 3330 1015 3403 eontinet,
1031 3329 1119 3390 sitam
1138 3332 1248 3392 Demo-

161 3427 272 3490 sthenis
285 3447 321 3486 ex
335 3427 469 3498 libanio,
483 3434 585 3486 omnes
600 3425 686 3485 Dem.
700 3443 744 3482 or.
758 3423 901 3502 politicas,
911 3431 973 3482 tum
985 3422 1122 3483 adversus
1135 3423 1248 3503 Philip-

163 3541 245 3600 pum,
262 3529 323 3578 tum
342 3518 421 3591 alias,
442 3537 485 3577 or.
500 3517 631 3595 ejusdem
652 3517 691 3576 de
704 3516 831 3585 Corona,
851 3513 888 3574 de
904 3515 978 3574 male
992 3515 1074 3575 obita
1093 3517 1247 3594 legatione,

163 3614 301 3673 adversus
328 3610 492 3688 leptinem,
520 3611 655 3681 Midiam,
684 3607 908 3682 Androtionem,
942 3607 1075 3683 ejusdem
1102 3609 1248 3688 epistolas.

161 3697 357 3765 ¹Orationibus
371 3701 500 3781 pr'mfixac
514 3712 580 3762 sunt
594 3702 781 3783 hypotheses.

205 3814 227 3874 p
242 3800 291 3857 17.
311 3799 401 3856 1119.
421 3792 526 3852 Codes
539 3792 724 3866 chartaceus,
737 3793 847 3853 sarculo
861 3793 928 3852 XV.
947 3791 1083 3872 scriptus,
1098 3813 1157 3872 quo
1175 3794 1250 3854 inter

165 3887 223 3950 alia
237 3887 327 3946 multa
341 3885 528 3946 continentur
546 3894 603 3943 tres
616 3885 815 3964 Olynthiacae,
832 3895 862 3947 et
875 3904 942 3964 pars
956 3885 1054 3963 aliqua
1068 3885 1168 3965 primae
1181 3885 1249 3944 Phi·

166 3979 295 4059 lippicoe.

207 4092 228 4150 p
241 4077 291 4130 18.
304 4075 394 4130 2489.
416 4067 492 4127 Cod.
514 4068 607 4127 chart.
623 4086 692 4128 saec.
710 4068 794 4130 xvi.
809 4088 869 4147 quo
883 4069 958 4129 inter
974 4068 1139 4128 1111111111
1156 4069 1250 4129 conti-

168 4176 273 4228 nentur
290 4163 496 4224 Demosthenis
516 4163 659 4239 epistolae,
676 4181 798 4240 quarum
821 4162 914 4222 tertia
933 4160 1021 4223 datur
1039 4161 1180 4221 duntaxat
1196 4162 1251 4222 ini-

168 4261 250 4331 tium,
266 4267 370 4335 quarta
384 4256 467 4314 initio
480 4265 572 4314 caret.

159 4410 162 4419 ,
208 4375 229 4431 p
247 4360 297 4412 19.
315 4359 404 4413 2596.
426 4351 502 4410 Cod.
515 4350 608 4409 chart.
622 4356 715 4419 retus,
735 4348 860 4427 scriptus
876 4358 920 4408 sat
935 4346 1091 4427 eleganter,
1109 4347 1160 4426 qui
1176 4349 1252 4409 inter

169 4448 253 4525 plnrs
265 4445 323 4503 alia
336 4445 424 4503 habet
437 4445 558 4520 primam
573 4442 781 4500 Demosthenis
795 4439 1010 4519 Olynthios-am.

208 4543 293 4624 129.
306 4542 395 4597 2939.
416 4535 600 4594 01111111.
623 4533 703 4594 haud
717 4535 866 4612 antiquus,
884 4533 1010 4612 scriptus
1029 4551 1114 4594 manu
1136 4532 1253 4592 Nicnlsi
1281 4530 1283 4536 '
