2984 5034
215 333 236 398 2
539 325 810 398 IIIEROIIYMI
831 331 1001 399 woutur

345 561 348 565 .
457 499 546 563 Mora
558 499 656 583 ntrt'm
661 505 794 582 jussores,
808 507 838 560 st
850 503 959 561 sciisset
971 519 1071 564 xm:

459 595 579 658 occulto
592 595 720 656 arbitrio
734 602 866 676 tempora
877 593 1020 658 dividens.

217 733 324 809 Nsm,'
317 755 357 814 mJ
350 735 439 808 ',usto
449 733 560 810 dicere,
575 735 657 796 nesus
670 745 727 798 est.
768 737 881 808 Quasi
896 756 942 798 ure
955 755 1077 814 qnoque
1090 733 1319 796 tardiussbstu·

218 826 293 902 ierit,
307 835 338 888 et
343 757 481 902 Jdirlibs
474 817 606 888 biv'ets
584 828 672 910 psius
686 823 786 899 suarii,
800 842 920 916 operam
934 824 1062 899 drodant
1076 845 1142 888 esse
1154 846 1271 900 censeo,
1286 835 1320 887 ut

217 920 283 998 ejus
297 938 418 998 quoque
431 903 582 1000 temporis,
602 920 684 999 quod
706 921 862 1000 supererit,
883 919 1000 996 siquid
1022 940 1174 999 superesse
1195 919 1322 980 voluerit

221 1013 315 1086 Deus,
337 1013 459 1074 reddere
477 1015 586 1092 possIns
607 1014 760 1076 rationem.
801 1015 848 1074 Ac
869 1014 907 1075 ad
928 1032 1003 1074 nora
1024 1033 1117 1092 opera
1129 1011 1319 1074 edendanou

219 1125 282 1167 esse
297 1105 496 1184 adjiciendum
510 1107 649 1179 animum,
663 1107 817 1186 complura
832 1126 878 1166 rue
892 1105 1063 1167 admouent.
1103 1105 1148 1166 Es
1160 1123 1231 1164 vero
1251 1121 1321 1182 quse

220 1197 259 1257 sb
272 1213 350 1260 auno
362 1199 528 1262 Servetoris
544 1207 633 1262 lusu.
653 1217 748 1278 usque
768 1199 806 1260 sd
827 1199 908 1260 banc
928 1203 1019 1259 laud.
1039 1197 1127 1266 variis
1146 1197 1178 1256 iu
1196 1195 1271 1258 Iocis
1290 1202 1322 1253 et

221 1292 329 1370 ssepius
344 1283 435 1364 edita,
449 1292 651 1371 distractaque
665 1301 743 1365 sunt,
763 1302 795 1351 et
807 1311 824 1351 a
838 1291 977 1352 studiosis
996 1290 1164 1351 horninibus
1177 1291 1321 1365 expetunss

222 1392 280 1455 tur,
301 1383 413 1459 lituate,
435 1395 525 1461 etque
546 1385 787 1446 annotationibus
807 1383 962 1456 iilustrare,
983 1394 1014 1443 et
1030 1382 1152 1461 publice
1173 1380 1244 1440 utile
1257 1399 1323 1440 esse

92 1472 94 1478 '
222 1475 347 1550 ridetur,
357 1486 388 1537 et
397 1477 435 1536 sb
446 1476 544 1538 officio
559 1497 623 1538 nseo
634 1497 692 1538 non
705 1478 850 1539 alienum:
865 1496 925 1538 uon
940 1476 1023 1555 quod
1037 1496 1083 1535 nse
1094 1491 1323 1554 sperensexspe-

222 1567 345 1627 ctationi
359 1567 506 1628 bominum
521 1568 591 1628 satis
610 1589 674 1628 esse
696 1567 852 1640 iacturum,
867 1587 956 1646 quana
975 1567 1121 1628 sustinere
1139 1564 1221 1627 quIo
1234 1563 1324 1623 modo

222 1677 342 1737 possunt
350 1683 361 1736 ;
375 1659 427 1720 sed
441 1669 475 1720 ut
489 1661 605 1722 taudenr
620 1680 666 1730 es,
677 1681 744 1739 quae
755 1660 825 1731 oiinr
835 1660 968 1740 promisi,
983 1670 1135 1740 utcunque
1150 1667 1326 1737 sppsresnt,

222 1769 317 1829 eaque
336 1751 522 1830 perficiendi,
541 1750 609 1828 IJuae
624 1769 716 1812 annos
730 1751 840 1813 abhinc
853 1751 972 1812 xvrlr.
987 1748 1133 1828 inchoari,
1147 1769 1205 1809 uon
1220 1748 1324 1810 voiun-

223 1851 325 1914 tatem,
339 1844 392 1904 sed
404 1843 576 1906 facultatem
590 1842 720 1906 defuisse
733 1843 816 1918 mibi,
830 1849 960 1931 constet,
995 1841 1074 1905 Nan
1094 1841 1220 1927 ingenue
1232 1858 1324 1919 agno·

223 1955 287 2009 sco,
301 1937 333 1997 in
346 1956 392 1998 ure
405 1937 603 2000 Idoratisuuut
616 1935 689 1998 iilud
704 1936 767 1998 dici
780 1950 886 2016 posse:

706 2051 1027 2172 -sisspkoempit'
1086 2124 1090 2130 ·
1131 2097 1156 2107 ”

441 2233 445 2240 .
467 2184 595 2246 institui
604 2207 614 2266 .·'
635 2190 773 2245 warmic
784 2190 852 2244 roto
864 2203 918 2245 crrr
930 2184 1132 2244 secesserit?

225 2341 420 2402 uesrssen-
435 2339 513 2398 asin
520 2335 621 2412 justos
635 2335 664 2394 is
680 2335 853 2404 Isocrstsro,
868 2335 1100 2394 Deroostbeueru
1113 2343 1145 2394 st
1156 2333 1328 2397 AEscbinsrn

224 2431 353 2494 scribare
367 2427 604 2492 commentarios.
646 2424 705 2486 Sed
725 2425 843 2498 ingenio
863 2434 895 2490 st
914 2424 1076 2486 valetudIni
1095 2438 1202 2504 parurn
1220 2425 1328 2501 adens,
1347 2407 1364 2432 ⁸

224 2519 388 2583 consultius
405 2531 471 2578 esse
488 2515 577 2588 duco,
594 2515 672 2576 iutra
686 2516 940 2595 grammaticstunr
952 2517 1175 2581 annotationum
1187 2531 1328 2599 angustos

223 2614 334 2674 liniter
345 2631 393 2672 use
407 2608 571 2681 contiuere,
584 2625 696 2684 eosque
704 2609 745 2669 ab
759 2608 887 2688 Ulpiano
900 2610 1070 2689 suspicari:
1090 2631 1128 2671 ue
1148 2631 1194 2685 es,
1214 2614 1328 2688 qen-is

225 2704 374 2786 exposuit,
387 2724 406 2764 s
421 2721 467 2766 nse
478 2703 577 2764 denuo
589 2701 655 2763 siue
664 2701 764 2763 fructu
777 2701 972 2763 inculcentur.
1013 2701 1132 2772 Quibus
1149 2713 1257 2764 autern·
1269 2703 1328 2765 dit·

224 2797 408 2860 ficultstibus
428 2793 641 2874 corruptissimi
661 2801 693 2856 et
713 2794 838 2862 mutilati
852 2794 966 2856 codicis
984 2793 1188 2874 interpreteris
1201 2814 1247 2856 rue
1260 2795 1332 2856 fni»

224 2891 312 2972 gerit,
331 2890 358 2952 is
375 2889 504 2952 iortssse
518 2887 631 2968 credet,
645 2886 698 2968 qui
711 2887 823 2948 Graeos
834 2886 951 2967 legerit,
966 2887 1107 2964 idemque
1118 2888 1231 2957 renisus
1243 2888 1330 2950 dabit

225 2983 341 3064 opime,
355 2983 381 3044 si
395 2981 572 3044 nuncetiam
587 2981 711 3042 velutin
726 2981 849 3042 salebris
863 2981 974 3044 herere
988 2999 1036 3042 rne
1048 2981 1166 3043 viderit.
1206 2982 1248 3043 lt
1258 3001 1329 3046 eun

226 3079 329 3141 Greci
342 3079 476 3140 rhetores
489 3078 520 3138 iu
538 3075 664 3138 artificio
678 3076 866 3156 esplIcsndo,
883 3077 970 3139 variis
990 3075 1149 3157 figurarum
1163 3077 1330 3140 minibus

226 3181 358 3248 atenim,
378 3173 488 3252 quibus
509 3191 576 3250 quse
596 3171 701 3232 Latina
722 3171 931 3251 respondeant,
951 3171 1052 3232 ridere
1065 3171 1145 3232 baud
1159 3169 1247 3232 iaciie
1264 3181 1329 3236 estt

226 3265 445 3345 qusibcuuque
457 3283 513 3344 pro
527 3265 563 3326 iis
571 3265 601 3325 iu
612 3265 805 3326 conversione
816 3266 987 3337 substituta,
997 3263 1075 3344 sequi
1088 3264 1218 3342 bonique
1230 3263 1330 3337 faetet,

227 3356 359 3442 inibique
373 3361 519 3438 Ignosset,
533 3357 628 3419 sicubi
649 3377 695 3419 rue
715 3358 763 3418 vei
783 3367 882 3420 errata
903 3357 1017 3418 codicis
1038 3357 1070 3416 iu
1091 3375 1222 3416 errorem
1235 3357 1330 3417 ‘indu-

226 3459 340 3523 xerunt
355 3452 402 3511 rei
414 3451 537 3530 argutius
552 3449 721 3530 sophistices
733 3449 915 3512 ieieiierurrt.
957 3449 1020 3509 Illis
1033 3457 1131 3508 autent
1145 3467 1329 3524 nequaquam

227 3541 381 3611 assentior,
403 3541 455 3618 qui
477 3541 555 3601 banc
573 3540 759 3618 ferruginem,
774 3563 791 3601 e
804 3542 892 3603 variis
903 3544 951 3617 (ut
964 3541 1034 3600 setis
1048 3546 1183 3619 apparet)
1198 3541 1329 3614 scholiis,

229 3651 297 3711 quse
310 3632 438 3692 citantur
451 3630 571 3708 possin,
586 3630 756 3701 conflstsm,
771 3631 910 3710 judicant
931 3631 1064 3692 inutilem
1081 3641 1245 3711 contraque
1261 3649 1331 3712 pert

229 3741 347 3784 sussurn
361 3721 467 3794 habeo,
485 3730 518 3782 ut
531 3741 589 3780 uon
599 3722 695 3783 carnia
712 3723 887 3802 probentur,
900 3742 963 3794 eos,
977 3724 1030 3802 qni
1042 3724 1196 3802 Virgilium
1210 3724 1329 3798 inritati,

229 3837 245 3878 e
260 3815 441 3877 stercoribus
455 3833 583 3894 gemmas
596 3815 703 3894 eligere
717 3815 888 3888 didicerint,
902 3813 1030 3877 iructsrn
1050 3835 1110 3875 nou
1129 3817 1330 3895 paenitendus·

228 3910 297 3972 binc
318 3925 382 3970 esse
404 3916 606 3988 percepturos.
648 3909 738 3978 Quod
762 3910 793 3970 ni
815 3909 857 3971 ita
878 3929 944 3970 esse
967 3918 1150 3989 conspertum
1173 3909 1329 3970 haberetur

230 4021 371 4089 quorsunr
384 4002 464 4062 inani
477 4001 579 4062 labore
594 4021 640 4062 rue
652 4001 822 4083 fatigarent
847 4003 906 4064 Sed
920 4022 982 4064 reor
995 4003 1100 4082 ipsam,
1115 4003 1182 4063 Deo
1192 4004 1333 4082 propitio,

228 4093 442 4172 aggrediantur,
456 4093 530 4154 iilud
545 4094 668 4155 iectore
687 4095 769 4174 prius
786 4095 950 4166 admonito,
962 4115 997 4155 es
1013 4114 1082 4174 quse
1103 4115 1120 4155 e
1136 4095 1344 4165 conversione*

229 4207 294 4254 ures
304 4197 438 4248 correcta
448 4187 518 4248 satis
528 4197 557 4247 et
571 4188 727 4268 perspicus
739 4205 803 4249 esse
815 4190 989 4261 existimem,
1001 4189 1050 4249 bio
1062 4207 1110 4249 ree
1121 4198 1266 4268 repetere,
1279 4189 1330 4248 tun

228 4281 325 4362 psidie
338 4279 494 4360 ὴικράμβη,
510 4279 649 4355 θάνατος,
669 4301 726 4341 non
741 4283 947 4343 constituisse:
968 4300 1064 4361 neque
1077 4279 1176 4342 delere
1189 4298 1329 4360 superus-

228 4390 330 4446 esuea‚
344 4391 440 4450 neque
455 4374 568 4434 Inversa
582 4374 715 4454 redigere
732 4375 762 4434 iu
776 4375 922 4446 ordinent,
943 4374 1041 4453 neque
1060 4375 1155 4452 paitru
1170 4375 1330 4453 depressis

229 4479 340 4528 mutare
354 4465 516 4527 dubitasse.
557 4467 591 4526 Iu
606 4487 665 4548 quo
680 4487 738 4528 nou
762 4467 876 4546 ignoro,
896 4466 960 4527 iore
982 4467 1035 4546 qui
1055 4466 1166 4546 dicant,
1180 4483 1228 4526 rue
1242 4465 1329 4534 uineis
